@article
{
    microbiome1,
    title={The human microbiome project},
    author={Turnbaugh, Peter J and Ley, Ruth E and Hamady, Micah and Fraser-Liggett, Claire M and Knight, Rob and Gordon, Jeffrey I},
    journal={Nature},
    volume={449},
    number={7164},
    pages={804--810},
    year={2007},
    publisher={Nature Publishing Group}
}

@article
{
    microbiome2,
    title={Metagenomic analysis of the human distal gut microbiome},
    author={Gill, Steven R and Pop, Mihai and DeBoy, Robert T and Eckburg, Paul B and Turnbaugh, Peter J and Samuel, Buck S and Gordon, Jeffrey I and Relman, David A and Fraser-Liggett, Claire M and Nelson, Karen E},
    journal={science},
    volume={312},
    number={5778},
    pages={1355--1359},
    year={2006},
    publisher={American Association for the Advancement of Science}
}

@article
{
    rRNA1,
    title={Ribosomal RNA: a key to phylogeny},
    author={Olsen, Gary J and Woese, Carl R},
    journal={The FASEB journal},
    volume={7},
    number={1},
    pages={113--123},
    year={1993},
    publisher={Wiley Online Library}
}

@article
{
    periodontitis1,
    title={Periodontitis},
    author={Flemmig, Thomas F},
    journal={Annals of Periodontology},
    volume={4},
    number={1},
    pages={32--37},
    year={1999},
    publisher={Wiley Online Library}
}

@article
{
    periodontitis2,
    title={Risk factors for periodontitis},
    author={Van Dyke, Thomas E and Dave, Sheilesh},
    journal={Journal of the International Academy of Periodontology},
    volume={7},
    number={1},
    pages={3},
    year={2005},
    publisher={NIH Public Access}
}

@article
{
    qiime1,
    title={Reproducible, interactive, scalable and extensible microbiome data science using QIIME 2},
    author={Bolyen, Evan and Rideout, Jai Ram and Dillon, Matthew R and Bokulich, Nicholas A and Abnet, Christian C and Al-Ghalith, Gabriel A and Alexander, Harriet and Alm, Eric J and Arumugam, Manimozhiyan and Asnicar, Francesco and others},
    journal={Nature biotechnology},
    volume={37},
    number={8},
    pages={852--857},
    year={2019},
    publisher={Nature Publishing Group}
}

@techreport
{
    qiime2,
    title={QIIME 2: Reproducible, interactive, scalable, and extensible microbiome data science},
    author={Bolyen, Evan and Rideout, Jai Ram and Dillon, Matthew R and Bokulich, Nicholas A and Abnet, Christian and Al-Ghalith, Gabriel A and Alexander, Harriet and Alm, Eric J and Arumugam, Manimozhiyan and Asnicar, Francesco and others},
    year={2018},
    institution={PeerJ Preprints}
}